@book{knuth1984texbook,
  title={The TeX{}book},
  author={Knuth, Donald E.},
  year={1984},
  publisher={Addison-Wesley},
  address={Reading, Massachusetts},
  isbn={0-201-13447-0},
  note={A comprehensive guide to the TeX typesetting system}
}

@article{einstein1905,
  title={Zur Elektrodynamik bewegter KÃ¶rper},
  author={Einstein, Albert},
  journal={Annalen der Physik},
  volume={17},
  number={10},
  pages={891--921},
  year={1905},
  publisher={Wiley-VCH},
  note={The paper introducing special relativity}
}

@book{lamport1994latex,
  title={LaTeX: A Document Preparation System},
  author={Lamport, Leslie},
  year={1994},
  publisher={Addison-Wesley},
  edition={2nd},
  address={Reading, Massachusetts},
  isbn={0-201-52983-1},
  note={The definitive guide to LaTeX document preparation}
}
